@inproceedings{mckinney2010data,
  title={Data structures for statistical computing in python},
  author={McKinney, Wes and others},
  booktitle={Proceedings of the 9th Python in Science Conference},
  volume={445},
  pages={51--56},
  year={2010},
  organization={Austin, TX}
}

@software{waskom2020seaborn,
    author       = {Michael Waskom and the seaborn development team},
    title        = {mwaskom/seaborn},
    month        = sep,
    year         = 2020,
    publisher    = {Zenodo},
    version      = {latest},
    doi          = {10.5281/zenodo.592845},
    url          = {https://doi.org/10.5281/zenodo.592845},
}

@article{陈为2013数据可视化,
  title={数据可视化},
  author={陈为 and 沈则潜 and 陶煜波},
  year={2013},
}

@article{邱南森2017《数据之美,
  title={《数据之美:一本书学会可视化设计》},
  author={邱南森 and 张伸},
  journal={交通与港航},
  volume={03},
  number={v.4},
  pages={65-65},
  year={2017},
}

@book{JiaweiHan2012数据挖掘概念与技术,
  title={数据挖掘概念与技术},
  author={JiaweiHan and MichelineKamber and JianPei and 裴健 and 坎伯 and 韩家炜 and 孟小峰 and 范明},
  publisher={机械工业出版社},
  year={2012},
}
